<?xml version="1.0" encoding="UTF-8"?><collection xmlns="http://www.loc.gov/MARC21/slim"><record><leader>00555nam--2200169-i-4500</leader><controlfield tag="001">000045494</controlfield><controlfield tag="002">20161230</controlfield><controlfield tag="005">20161230201045</controlfield><controlfield tag="008">060222s1000------------r-----000-0-eng-d</controlfield><datafield ind1=" " ind2=" " tag="040"><subfield code="a">IFIN-HH</subfield></datafield><datafield ind1=" " ind2=" " tag="080"><subfield code="a">53(061.3)</subfield></datafield><datafield ind1="1" ind2=" " tag="110"><subfield code="a">European Physical Society</subfield></datafield><datafield ind1="1" ind2="0" tag="245"><subfield code="a">Trends in physics. volume of plenary lectures at the second general conference of the european physical society. 3-6 oct.1972, wiesbaden, fed.rep.of germany</subfield></datafield><datafield ind1=" " ind2=" " tag="260"><subfield code="a">Geneva</subfield><subfield code="b">European Physical Society</subfield><subfield code="c">1973</subfield></datafield><datafield ind1=" " ind2=" " tag="300"><subfield code="a">356P</subfield></datafield><datafield ind1=" " ind2=" " tag="852"><subfield code="a">39795</subfield><subfield code="c">53</subfield></datafield><datafield ind1=" " ind2=" " tag="CAT"><subfield code="a">Sys</subfield><subfield code="c">20150316</subfield><subfield code="h">160523</subfield></datafield></record></collection>